@misc{ComarisonOfTSP,
	author = "Byung-In Kim,
	Jae-Ik Shim,
	Min Zhang",
	title = "\emph{Comparison of TSP Algorithms}",
	month = "December",
	year = "1998",
	url = "\url{https://louisville.edu/speed/faculty/sheragu/Research/Intelligent/tsp.PDF}",
	note = "[Online; accessed 08-June-2015]"
}

@misc{Harmony:1,
	author = "Morad Bouzidi,
	Mohammed Essaid Riffi",
	title = "\emph{Adaptation of the Harmony Search Algorithm to Solve the Travelling Salesman Problem}",
	month = "April",
	year = "2014",
	url = "\url{http://www.academia.edu/6709329/Adaptation_of_the_Harmony_Search_Algorithm_to_solve_the_travelling_salesman_problem}",
	note = "[Online; accessed 08-June-2015]"
}

@misc{Algorithms,
	author = "Thomas H. Cormen",
	title = "\emph{Introduction to Algorithms}",
	year = "2009"
}

@misc{Simulated:1,
	author = "Dimitris Bertsimas, John Tsitsiklis",
	title = "\emph{Simulated Annealing}",
	year = "1993",
	url = "\url{http://www.mit.edu/~dbertsim/papers/Optimization/Simulated%20annealing.pdf}",
	note = "[Online; accessed 08-June-2015]"
}

@misc{ResearchSkills,
	author = "Mateusz WÃ³jcik",
	title = "\emph{Path Optimization in 3D Printing}",
	month = "June",
	year = "2014"
	}
